<?xml version="1.0" encoding="UTF-8"?><record xmlns="http://www.loc.gov/MARC21/slim" xmlns:cinclude="http://apache.org/cocoon/include/1.0" xmlns:zs="http://www.loc.gov/zing/srw/">
  <leader>01010nz  a2200169n  4500</leader>
  <controlfield tag="001">n  93026264 </controlfield>
  <controlfield tag="003">DLC</controlfield>
  <controlfield tag="005">19930322122217.2</controlfield>
  <controlfield tag="008">930322n| acannaab|          |n aaa |||  </controlfield>
  <datafield tag="010" ind1=" " ind2=" ">
    <subfield code="a">n  93026264 </subfield>
  </datafield>
  <datafield tag="040" ind1=" " ind2=" ">
    <subfield code="a">DLC</subfield>
    <subfield code="c">DLC</subfield>
  </datafield>
  <datafield tag="100" ind1="1" ind2="0">
    <subfield code="a">Fellers, Bonner Frank,</subfield>
    <subfield code="d">1896-1973</subfield>
  </datafield>
  <datafield tag="400" ind1="1" ind2="0">
    <subfield code="w">nnaa</subfield>
    <subfield code="a">Fellers, Bonner,</subfield>
    <subfield code="d">1896-</subfield>
  </datafield>
  <datafield tag="400" ind1="1" ind2="0">
    <subfield code="a">Fellers, Bonner,</subfield>
    <subfield code="d">1896-1973</subfield>
  </datafield>
  <datafield tag="670" ind1=" " ind2=" ">
    <subfield code="a">NUCMC data from Chicago Hist. Soc., Archives and Mss. Dept. (Ill.) for Manion, C. Papers, 1922-1979</subfield>
    <subfield code="b">(correspondents include Gen. Bonner Fellers)</subfield>
  </datafield>
  <datafield tag="670" ind1=" " ind2=" ">
    <subfield code="a">LC manual cat.</subfield>
    <subfield code="b">(hdg.: Fellers, Bonner, 1896- )</subfield>
  </datafield>
  <datafield tag="670" ind1=" " ind2=" ">
    <subfield code="a">WwW in Am., c1976- :</subfield>
    <subfield code="b">v. 6, p. 136 (Fellers, Bonner Frank; army officer; b. Ridge Farm, Ill., Feb. 7, 1896; s. Frank and Florence (Newlin) Frank; m. Dorothy Dysart; brig. gen., Dec. 1942; mem. Douglas MacArthur's  staff in Philippines, 1936-1938; mil. observer with British forces in Africa, 1940-1942; mem. staff Gen. Douglas MacArthur, 1943-1946; sec. gen. Allied Council for Japan, Tokyo, Jan.-Aug. 1946; d. Oct. 7, 1973)</subfield>
  </datafield>
</record>